@inproceedings{ijcai2017-380,
  author    = {Jakub Sliwinski and Yair Zick},
  title     = {Learning Hedonic Games},
  booktitle = {Proceedings of the Twenty-Sixth International Joint Conference on
               Artificial Intelligence, {IJCAI-17}},
  pages     = {2730--2736},
  year      = {2017},
  doi       = {10.24963/ijcai.2017/380},
  url       = {https://doi.org/10.24963/ijcai.2017/380},
}

@article{Valiant:1984:TL:1968.1972,
 author = {Valiant, L. G.},
 title = {A Theory of the Learnable},
 journal = {Commun. ACM},
 issue_date = {Nov. 1984},
 volume = {27},
 number = {11},
 month = nov,
 year = {1984},
 issn = {0001-0782},
 pages = {1134--1142},
 numpages = {9},
 url = {http://doi.acm.org/10.1145/1968.1972},
 doi = {10.1145/1968.1972},
 acmid = {1972},
 publisher = {ACM},
 address = {New York, NY, USA},
 keywords = {inductive inference, probabilistic models of learning, propositional expressions},
}

@article{vc,
  author = {Dan Roth, Ben Zhou, C. Cervantes},
  month = oct,
  year = {2016},
  url = {http://l2r.cs.uiuc.edu/Teaching/CS446-17/LectureNotesNew/colt/main.pdf}
}
