@STRING{lncs = {Lecture Notes in Computer Science (LNCS)}}
@STRING{lnai = {Lecture Notes in Artificial Intelligence (LNAI)}}
@STRING{proc = {Proceedings of the }}
@STRING{cryptadv = {Advances in Cryptology - Proceedings of the }}
@STRING{aies = { AAAI/ACM Conference on Artificial Intelligence, Ethics and Society (AIES)}}
@STRING{ijcai = { International Joint Conference on Artificial Intelligence (IJCAI)}}
@STRING{stoc = { Annual ACM Symposium on Theory of Computing (STOC)}}
@STRING{focs = { Symposium on Foundations of Computer Science (FOCS)}}
@STRING{ki = {German Conference on AI (KI)}}
@STRING{soda = { Annual ACM-SIAM Symposium on Discrete Algorithms (SODA)}}
@STRING{eurocrypt = { Eurocrypt Conference}}
@STRING{crypto = { Annual International Cryptology Conference (CRYPTO)}}
@STRING{asiacrypt = { Asiacrypt Conference}}
@STRING{aamas = { International Conference on Autonomous Agents and Multi-Agent Systems (AAMAS)}}
@STRING{aaaiold = { National Conference on Artificial Intelligence (AAAI)}}
@STRING{aaai = { AAAI Conference on Artificial Intelligence (AAAI)}}
@STRING{fc = { Annual Conference on Financial Cryptography (FC)}}
@STRING{fcds = { International Conference on Financial Cryptography and Data Security (FC)}}
@STRING{pkc = { International Workshop on Practice and Theory in Public Key Cryptography (PKC)}}
@STRING{ec = { ACM Conference on Economics and Computation (EC)}}
@STRING{stacs = { International Symposium on Theoretical Aspects of Computer Science (STACS)}}
@STRING{uai = { Annual Conference on Uncertainty in Artificial Intelligence (UAI)}}
@STRING{tark = { Conference on Theoretical Aspects of Rationality and Knowledge (TARK)}}
@STRING{aaim = { International Conference on Algorithmic Aspects in Information and Management (AAIM)}}
@STRING{agents = { Annual Conference on Autonomous Agents (AGENTS)}}
@STRING{mpref = { Multidisciplinary Workshop on Advances in Preference Handling (M-PREF)}}
@STRING{eacl = { Conference of the European Chapter of the Association for Computational Linguistics (EACL)}}
@STRING{kdd = { International Conference on Knowledge Discovery and Data Mining (KDD)}}
@STRING{icdm = { IEEE International Conference on Data Mining (ICDM)}}
@STRING{swat = { Scandinavian Workshop on Algorithm Theory (SWAT)}}
@STRING{mfcs = { International Symposium on Mathematical Foundations of Computer Science (MFCS)}}
@STRING{comsoc = { International Workshop on Computational Social Choice (COMSOC)}}
@STRING{colt = { Conference on Computational Learning Theory (COLT)}}
@STRING{asiaccs = { ACM Symposium on Information, Computer and Communications Security (ASIACCS)}}
@STRING{eumas = { European Workshop on Multi-Agent Systems (EUMAS)}}
@STRING{wine = { Conference on Web and Internet Economics (WINE)}}
@STRING{esa = { Annual European Symposium on Algorithms (ESA)}}
@STRING{cia = { International Workshop on Cooperative Information Agents (CIA)}}
@STRING{p2pecon = { Workshop on the Economics of Peer-to-Peer Systems (P2PECON)}}
@STRING{www = { International World Wide Web Conference (WWW)}}
@STRING{sagt = { International Symposium on Algorithmic Game Theory (SAGT)}}
@STRING{isaac = { Annual International Symposium on Algorithms and Computation (ISAAC)}}
@STRING{icml = { International Conference on Machine Learning (ICML)}}
@STRING{nips = { Annual Conference on Neural Information Processing Systems (NIPS)}}
@STRING{nspw = { New Security Paradigms Workshop (NSPW)}}
@STRING{iat = { IEEE/WIC/ACM International Conference on Intelligent Agent Technology (IAT)}}
@STRING{atal = { International Workshop on Intelligent Agents (ATAL)}}
@STRING{uist = { Annual ACM symposium on User interface software and technology (UIST)}}
@STRING{hcomp = { Human Computation Workshop (HCOMP)}}
@STRING{nsdi = { USENIX Conference on Networked Systems Design and Implementation (NSDI)}}
@STRING{osdi = { USENIX Symposium on Operating Systems Design and Implementation (OSDI)}}
@STRING{sigcomm = { ACM Symposium on Communications Architectures \& Protocols (SIGCOMM)}}
@STRING{itcs = { Innovations in Theoretical Computer Science Conference (ITCS)}}
@STRING{adt = { International Conference on Algorithmic Decision Theory (ADT)}}
@STRING{sofsem = { International Conference on Current Trends in Theory and Practice of Computer Science (SOFSEM)}}
@STRING{ecai = { European Conference on Artificial Intelligence (ECAI)}}
@STRING{spaa = { ACM Symposium on Parallelism in Algorithms and Architectures (SPAA)}}
@STRING{icalp = { International Colloquium on Automata, Languages and Programming (ICALP)}}
@STRING{mcs = { International Workshop on Multiple Classifier Systems (MCS)}}
@STRING{cig = { IEEE Conference on Computational Intelligence and Games (CIG)}}
@STRING{ipco = { Conference on Integer Programming and Combinatorial Optimization (IPCO)}}
@STRING{sea = { International Symposium on Experimental Algorithms (SEA)}}
@STRING{random = { International Workshop on Randomization and Computation (RANDOM)}}
@STRING{approx = { International Workshop on Approximation Algorithms for Combinatorial Optimization Problems (APPROX)}}
@STRING{gamesec = { Conference on Decision and Game Theory for Security (GameSec)}}
@STRING{cse = { International Conference on Computational Science and Engineering (CSE)}}
@STRING{gtdt = { Workshop on Game Theoretic and Decision Theoretic Agents (GTDT)}}
@STRING{dalt = { International Workshop on Declarative Agent Languages and Technologies (DALT)}}
@STRING{allerton = { Annual Allerton Conference on Communication, Control, and Computing (Allerton)}}
@STRING{ecml = { European Conference on Machine Learning (ECML)}}
@STRING{ala = { Adaptive Learning Agents Workshop (ALA)}}
@STRING{podc = { ACM Symposium on Principles of Distributed Computing (PODC)}}
@STRING{optmas = { International Workshop on Optimization in Multi-Agent Systems (OptMas)}}
@STRING{sofsem = { International Conference on Current Trends in Theory and Practice of Computer Science (SOFSEM)}}
@STRING{sigmod = {ACM SIGMOD International Conference on Management of Data (SIGMOD)}}


@STRING{springer = {Springer-Verlag}}
@STRING{acm = {ACM Press}}
@STRING{ieee = {IEEE Press}}

@STRING{ip = {In Preparation}}
@STRING{ur = {Preliminary Draft}}
@string{ta = {To Appear}}
