@STRING{lncs = {LNCS}}
@STRING{lnai = {LNAI}}
@STRING{proc = {Proc. of the }}
@STRING{cryptadv = {Advances in Cryptology - Proceedings of the }}
@STRING{ijcai = { IJCAI}}
@STRING{stoc = { STOC}}
@STRING{focs = { FOCS}}
@STRING{soda = { SODA}}
@STRING{eurocrypt = { Eurocrypt}}
@STRING{crypto = { CRYPTO}}
@STRING{asiacrypt = { Asiacrypt}}
@STRING{aamas = { AAMAS}}
@STRING{aaaiold = { AAAI}}
@STRING{aaai = { AAAI}}
@STRING{fc = { FC}}
@STRING{fcds = { FCDS}}
@STRING{pkc = { PKC}}
@STRING{ec = { EC}}
@STRING{icdm = { ICDM}}
@STRING{aies = { AIES}}
@STRING{ki = { KI}}
@STRING{sigmod = { SIGMOD}}
@STRING{stacs = { STACS}}
@STRING{uai = { UAI}}
@STRING{tark = { TARK}}
@STRING{aaim = { AAIM}}
@STRING{agents = { AGENTS}}
@STRING{mpref = { M-PREF}}
@STRING{eacl = { EACL}}
@STRING{kdd = { KDD}}
@STRING{swat = { SWAT}}
@STRING{mfcs = { MFCS}}
@STRING{comsoc = { COMSOC}}
@STRING{colt = { COLT}}
@STRING{asiaccs = { ASIACCS}}
@STRING{eumas = { EUMAS}}
@STRING{wine = { WINE}}
@STRING{esa = { ESA}}
@STRING{cia = { CIA}}
@STRING{p2pecon = { P2PECON}}
@STRING{www = { WWW}}
@STRING{sagt = { SAGT}}
@STRING{isaac = { ISAAC}}
@STRING{icml = { ICML}}
@STRING{nips = { NIPS}}
@STRING{nspw = { NSPW}}
@STRING{iat = { IAT}}
@STRING{atal = { ATAL}}
@STRING{uist = { UIST}}
@STRING{hcomp = { HCOMP}}
@STRING{nsdi = { NSDI}}
@STRING{osdi = { OSDI}}
@STRING{sigcomm = { SIGCOMM}}
@STRING{itcs = { ITCS}}
@STRING{adt = { ADT}}
@STRING{sofsem = { SOFSEM}}
@STRING{ecai = { ECAI}}
@STRING{spaa = { SPAA}}
@STRING{icalp = { ICALP}}
@STRING{mcs = { MCS}}
@STRING{cig = { CIG}}
@STRING{ipco = { IPCO}}
@STRING{sea = { SEA}}
@STRING{random = { RANDOM}}
@STRING{approx = { APPROX}}
@STRING{gamesec = { GameSec}}
@STRING{cse = { CSE}}
@STRING{gtdt = { GTDT}}
@STRING{dalt = { DALT}}
@STRING{allerton = { Allerton}}
@STRING{ecml = { ECML}}
@STRING{ala = { ALA}}
@STRING{podc = { PODC}}
@STRING{optmas = { OptMas}}


@STRING{springer = {Springer-Verlag}}
@STRING{acm = {ACM Press}}
@STRING{ieee = {IEEE Press}}

@STRING{ip = {In Preparation}}
@STRING{ur = {Preliminary Draft}}
@string{ta = {To Appear}}
