@article{ALCALDE2004869,
  title = "Researching with whom? Stability and manipulation",
  journal = "Journal of Mathematical Economics",
  volume = "40",
  number = "8",
  pages = "869--887",
  year = "2004",
  author = "José Alcalde and Pablo Revilla",
}

@article{DIMITROV2007130,
  title = "On top responsiveness and strict core stability",
  journal = "Journal of Mathematical Economics",
  volume = "43",
  number = "2",
  pages = "130--134",
  year = "2007",
  author = "Dinko Dimitrov and Shao Chin Sung",
}

@article{Dimitrov2006TopRA,
  title={Top responsiveness and Nash stability in coalition formation games},
  author={Dinko Dimitrov and Shao Chin Sung},
  journal={Kybernetika},
  year={2006},
  volume={42},
  pages={453--460}
}

@inproceedings{Aziz:2012:ESH:2343776.2343806,
  author = {Haris Aziz and Florian Brandl},
  title = {Existence of Stability in Hedonic Coalition Formation Games},
  booktitle = proc # {11th} # aamas,
  year = {2012},
  pages = {763--770},
  publisher = {International Foundation for Autonomous Agents and Multiagent Systems},
}

@unpublished{SuSu10,
  author = {Koji Suzuki and Shao Chin Sung},
  title = {Hedonic coalition formation in conservative societies.},
  year = {2010}
}

@inproceedings{ijcai2017-380,
  author    = {Jakub Sliwinski and Yair Zick},
  title     = {Learning Hedonic Games},
  booktitle = proc # {26th} #ijcai,
  pages     = {2730--2736},
  year      = {2017},
}

@article{Tarjan72depthfirst,
  author = {Robert Tarjan},
  title = {Depth first search and linear graph algorithms},
  journal = {SIAM Journal on Computing},
  year = {1972},
  volume = {1},
  number = {2}
}

@article{Dimitrov2006,
  author = {Dinko Dimitrov and Peter Borm and Ruud Hendrickx and Shao Chin Sung},
  title = {Simple Priorities and Core Stability in Hedonic Games},
  journal = {Social Choice and Welfare},
  year = {2006},
  volume = {26},
  number = {2},
  pages = {421--433},
}

@inbook{aziz_savani_moulin_2016,
  title = {Hedonic Games},
  booktitle = {Handbook of Computational Social Choice},
  publisher = {Cambridge University Press},
  author = {Haris Aziz and Rahul Savani and Hervé Moulin},
  editor = {Brandt, Felix and Conitzer, Vincent and Endriss, Ulle and Lang, Jérôme and Procaccia, Ariel D.Editors},
  year = {2016},
  pages = {356-–376}
}
